%YAML 1.1
%TAG !u! tag:unity3d.com,2011:
--- !u!1 &5202578518039290218
GameObject:
  m_ObjectHideFlags: 0
  m_CorrespondingSourceObject: {fileID: 0}
  m_PrefabInstance: {fileID: 0}
  m_PrefabAsset: {fileID: 0}
  serializedVersion: 6
  m_Component:
  - component: {fileID: 5202578518039290215}
  - component: {fileID: 5202578518039290214}
  - component: {fileID: 5202578518039290213}
  - component: {fileID: 5202578518039290212}
  - component: {fileID: 5202578518039290219}
  m_Layer: 7
  m_Name: projectile_bullet_bmg
  m_TagString: Untagged
  m_Icon: {fileID: 0}
  m_NavMeshLayer: 0
  m_StaticEditorFlags: 0
  m_IsActive: 1
--- !u!4 &5202578518039290215
Transform:
  m_ObjectHideFlags: 0
  m_CorrespondingSourceObject: {fileID: 0}
  m_PrefabInstance: {fileID: 0}
  m_PrefabAsset: {fileID: 0}
  m_GameObject: {fileID: 5202578518039290218}
  m_LocalRotation: {x: 0, y: 0, z: 0, w: 1}
  m_LocalPosition: {x: 0, y: 0, z: 0}
  m_LocalScale: {x: 1, y: 1, z: 1}
  m_Children:
  - {fileID: 5202578519052030294}
  - {fileID: 509962736962324614}
  m_Father: {fileID: 0}
  m_RootOrder: 0
  m_LocalEulerAnglesHint: {x: 0, y: 0, z: 0}
--- !u!33 &5202578518039290214
MeshFilter:
  m_ObjectHideFlags: 0
  m_CorrespondingSourceObject: {fileID: 0}
  m_PrefabInstance: {fileID: 0}
  m_PrefabAsset: {fileID: 0}
  m_GameObject: {fileID: 5202578518039290218}
  m_Mesh: {fileID: 10202, guid: 0000000000000000e000000000000000, type: 0}
--- !u!65 &5202578518039290213
BoxCollider:
  m_ObjectHideFlags: 0
  m_CorrespondingSourceObject: {fileID: 0}
  m_PrefabInstance: {fileID: 0}
  m_PrefabAsset: {fileID: 0}
  m_GameObject: {fileID: 5202578518039290218}
  m_Material: {fileID: 0}
  m_IsTrigger: 0
  m_Enabled: 1
  serializedVersion: 2
  m_Size: {x: 0.03, y: 0.03, z: 0.1}
  m_Center: {x: 0, y: 0, z: 0}
--- !u!54 &5202578518039290212
Rigidbody:
  m_ObjectHideFlags: 0
  m_CorrespondingSourceObject: {fileID: 0}
  m_PrefabInstance: {fileID: 0}
  m_PrefabAsset: {fileID: 0}
  m_GameObject: {fileID: 5202578518039290218}
  serializedVersion: 2
  m_Mass: 1
  m_Drag: 0
  m_AngularDrag: 0.05
  m_UseGravity: 1
  m_IsKinematic: 0
  m_Interpolate: 0
  m_Constraints: 0
  m_CollisionDetection: 2
--- !u!114 &5202578518039290219
MonoBehaviour:
  m_ObjectHideFlags: 0
  m_CorrespondingSourceObject: {fileID: 0}
  m_PrefabInstance: {fileID: 0}
  m_PrefabAsset: {fileID: 0}
  m_GameObject: {fileID: 5202578518039290218}
  m_Enabled: 1
  m_EditorHideFlags: 0
  m_Script: {fileID: 11500000, guid: cb61ab98a6f3e6b4fa796af675786737, type: 3}
  m_Name: 
  m_EditorClassIdentifier: 
  entityType: 0
  bypassArmorTypes: 020000000300000004000000
--- !u!1 &5202578519052030293
GameObject:
  m_ObjectHideFlags: 0
  m_CorrespondingSourceObject: {fileID: 0}
  m_PrefabInstance: {fileID: 0}
  m_PrefabAsset: {fileID: 0}
  serializedVersion: 6
  m_Component:
  - component: {fileID: 5202578519052030294}
  - component: {fileID: 5202578519052030288}
  - component: {fileID: 5202578519052030295}
  m_Layer: 0
  m_Name: Cube
  m_TagString: Untagged
  m_Icon: {fileID: 0}
  m_NavMeshLayer: 0
  m_StaticEditorFlags: 0
  m_IsActive: 1
--- !u!4 &5202578519052030294
Transform:
  m_ObjectHideFlags: 0
  m_CorrespondingSourceObject: {fileID: 0}
  m_PrefabInstance: {fileID: 0}
  m_PrefabAsset: {fileID: 0}
  m_GameObject: {fileID: 5202578519052030293}
  m_LocalRotation: {x: 0, y: 0, z: 0, w: 1}
  m_LocalPosition: {x: 0, y: 0, z: 0}
  m_LocalScale: {x: 0.05790503, y: 0.05790503, z: 0.19301677}
  m_Children: []
  m_Father: {fileID: 5202578518039290215}
  m_RootOrder: 0
  m_LocalEulerAnglesHint: {x: 0, y: 0, z: 0}
--- !u!33 &5202578519052030288
MeshFilter:
  m_ObjectHideFlags: 0
  m_CorrespondingSourceObject: {fileID: 0}
  m_PrefabInstance: {fileID: 0}
  m_PrefabAsset: {fileID: 0}
  m_GameObject: {fileID: 5202578519052030293}
  m_Mesh: {fileID: 10202, guid: 0000000000000000e000000000000000, type: 0}
--- !u!23 &5202578519052030295
MeshRenderer:
  m_ObjectHideFlags: 0
  m_CorrespondingSourceObject: {fileID: 0}
  m_PrefabInstance: {fileID: 0}
  m_PrefabAsset: {fileID: 0}
  m_GameObject: {fileID: 5202578519052030293}
  m_Enabled: 1
  m_CastShadows: 1
  m_ReceiveShadows: 1
  m_DynamicOccludee: 1
  m_MotionVectors: 1
  m_LightProbeUsage: 1
  m_ReflectionProbeUsage: 1
  m_RayTracingMode: 2
  m_RayTraceProcedural: 0
  m_RenderingLayerMask: 1
  m_RendererPriority: 0
  m_Materials:
  - {fileID: 2100000, guid: dcd1e0fa9b5e34144a84eb16b94dad23, type: 2}
  m_StaticBatchInfo:
    firstSubMesh: 0
    subMeshCount: 0
  m_StaticBatchRoot: {fileID: 0}
  m_ProbeAnchor: {fileID: 0}
  m_LightProbeVolumeOverride: {fileID: 0}
  m_ScaleInLightmap: 1
  m_ReceiveGI: 1
  m_PreserveUVs: 0
  m_IgnoreNormalsForChartDetection: 0
  m_ImportantGI: 0
  m_StitchLightmapSeams: 1
  m_SelectedEditorRenderState: 3
  m_MinimumChartSize: 4
  m_AutoUVMaxDistance: 0.5
  m_AutoUVMaxAngle: 89
  m_LightmapParameters: {fileID: 0}
  m_SortingLayerID: 0
  m_SortingLayer: 0
  m_SortingOrder: 0
  m_AdditionalVertexStreams: {fileID: 0}
--- !u!1001 &4725377677369417241
PrefabInstance:
  m_ObjectHideFlags: 0
  serializedVersion: 2
  m_Modification:
    m_TransformParent: {fileID: 5202578518039290215}
    m_Modifications:
    - target: {fileID: 2145917461721425209, guid: b3363ba2d3dcca4438dda2a70f9d39ea, type: 3}
      propertyPath: m_Name
      value: Cone
      objectReference: {fileID: 0}
    - target: {fileID: 4940753551736252582, guid: b3363ba2d3dcca4438dda2a70f9d39ea, type: 3}
      propertyPath: m_Mesh
      value: 
      objectReference: {fileID: 0}
    - target: {fileID: 5080106140008273567, guid: b3363ba2d3dcca4438dda2a70f9d39ea, type: 3}
      propertyPath: m_RootOrder
      value: 1
      objectReference: {fileID: 0}
    - target: {fileID: 5080106140008273567, guid: b3363ba2d3dcca4438dda2a70f9d39ea, type: 3}
      propertyPath: m_LocalPosition.x
      value: 0.0652
      objectReference: {fileID: 0}
    - target: {fileID: 5080106140008273567, guid: b3363ba2d3dcca4438dda2a70f9d39ea, type: 3}
      propertyPath: m_LocalPosition.y
      value: 0
      objectReference: {fileID: 0}
    - target: {fileID: 5080106140008273567, guid: b3363ba2d3dcca4438dda2a70f9d39ea, type: 3}
      propertyPath: m_LocalPosition.z
      value: 0.0455
      objectReference: {fileID: 0}
    - target: {fileID: 5080106140008273567, guid: b3363ba2d3dcca4438dda2a70f9d39ea, type: 3}
      propertyPath: m_LocalRotation.w
      value: 0.6864413
      objectReference: {fileID: 0}
    - target: {fileID: 5080106140008273567, guid: b3363ba2d3dcca4438dda2a70f9d39ea, type: 3}
      propertyPath: m_LocalRotation.x
      value: 0.72718525
      objectReference: {fileID: 0}
    - target: {fileID: 5080106140008273567, guid: b3363ba2d3dcca4438dda2a70f9d39ea, type: 3}
      propertyPath: m_LocalRotation.y
      value: -0
      objectReference: {fileID: 0}
    - target: {fileID: 5080106140008273567, guid: b3363ba2d3dcca4438dda2a70f9d39ea, type: 3}
      propertyPath: m_LocalRotation.z
      value: -0
      objectReference: {fileID: 0}
    - target: {fileID: 5080106140008273567, guid: b3363ba2d3dcca4438dda2a70f9d39ea, type: 3}
      propertyPath: m_LocalEulerAnglesHint.x
      value: 93.302
      objectReference: {fileID: 0}
    - target: {fileID: 5080106140008273567, guid: b3363ba2d3dcca4438dda2a70f9d39ea, type: 3}
      propertyPath: m_LocalEulerAnglesHint.y
      value: 0
      objectReference: {fileID: 0}
    - target: {fileID: 5080106140008273567, guid: b3363ba2d3dcca4438dda2a70f9d39ea, type: 3}
      propertyPath: m_LocalEulerAnglesHint.z
      value: 0
      objectReference: {fileID: 0}
    - target: {fileID: 7122571657905582465, guid: b3363ba2d3dcca4438dda2a70f9d39ea, type: 3}
      propertyPath: m_Mesh
      value: 
      objectReference: {fileID: 0}
    m_RemovedComponents: []
  m_SourcePrefab: {fileID: 100100000, guid: b3363ba2d3dcca4438dda2a70f9d39ea, type: 3}
--- !u!4 &509962736962324614 stripped
Transform:
  m_CorrespondingSourceObject: {fileID: 5080106140008273567, guid: b3363ba2d3dcca4438dda2a70f9d39ea, type: 3}
  m_PrefabInstance: {fileID: 4725377677369417241}
  m_PrefabAsset: {fileID: 0}
